%YAML 1.1
%TAG !u! tag:unity3d.com,2011:
--- !u!241 &24100000
AudioMixerController:
  m_ObjectHideFlags: 0
  m_PrefabParentObject: {fileID: 0}
  m_PrefabInternal: {fileID: 0}
  m_Name: AudioMixer
  m_OutputGroup: {fileID: 0}
  m_MasterGroup: {fileID: 24300002}
  m_Snapshots:
  - {fileID: 245404300470365634}
  - {fileID: 245525766653760610}
  - {fileID: 24500006}
  - {fileID: 245136117090330316}
  m_StartSnapshot: {fileID: 245404300470365634}
  m_SuspendThreshold: -80
  m_EnableSuspend: 1
  m_UpdateMode: 1
  m_ExposedParameters: []
  m_AudioMixerGroupViews:
  - guids:
    - 34356e4389ed8463b9469faffb2b765e
    - 29d3e589f7c3b427aa7d0cd7488e966a
    - dac6e3ff1dc0f4982a1de3b798eeba66
    name: View
  m_CurrentViewIndex: 0
  m_TargetSnapshot: {fileID: 245404300470365634}
--- !u!243 &24300002
AudioMixerGroupController:
  m_ObjectHideFlags: 0
  m_PrefabParentObject: {fileID: 0}
  m_PrefabInternal: {fileID: 0}
  m_Name: Master
  m_AudioMixer: {fileID: 24100000}
  m_GroupID: 34356e4389ed8463b9469faffb2b765e
  m_Children:
  - {fileID: 243641728986886926}
  - {fileID: 243839267205944696}
  m_Volume: 14758c6ccefc440ef8e69cd3708685cb
  m_Pitch: 56cab27ce5abd473e9f4fb581942ae6b
  m_Effects:
  - {fileID: 24400004}
  m_UserColorIndex: 0
  m_Mute: 0
  m_Solo: 0
  m_BypassEffects: 0
--- !u!244 &24400004
AudioMixerEffectController:
  m_ObjectHideFlags: 3
  m_PrefabParentObject: {fileID: 0}
  m_PrefabInternal: {fileID: 0}
  m_Name: 
  m_EffectID: cbad9e2d50154499e929cb05ea4317f5
  m_EffectName: Attenuation
  m_MixLevel: d896099eef2ab401b8d1aab774aae80e
  m_Parameters: []
  m_SendTarget: {fileID: 0}
  m_EnableWetMix: 0
  m_Bypass: 0
--- !u!245 &24500006
AudioMixerSnapshotController:
  m_ObjectHideFlags: 0
  m_PrefabParentObject: {fileID: 0}
  m_PrefabInternal: {fileID: 0}
  m_Name: SFX
  m_AudioMixer: {fileID: 24100000}
  m_SnapshotID: feb3baf1d734e4f0a8fc9541d28007f4
  m_FloatValues:
    1a66a046eff6944c5ae44153cbb58350: -80
  m_TransitionOverrides: {}
--- !u!243 &243641728986886926
AudioMixerGroupController:
  m_ObjectHideFlags: 0
  m_PrefabParentObject: {fileID: 0}
  m_PrefabInternal: {fileID: 0}
  m_Name: Music
  m_AudioMixer: {fileID: 24100000}
  m_GroupID: dac6e3ff1dc0f4982a1de3b798eeba66
  m_Children: []
  m_Volume: 1a66a046eff6944c5ae44153cbb58350
  m_Pitch: b4f6e1c5a78f544058adf14fdfe9af5c
  m_Effects:
  - {fileID: 244479044087401938}
  m_UserColorIndex: 0
  m_Mute: 0
  m_Solo: 0
  m_BypassEffects: 0
--- !u!243 &243839267205944696
AudioMixerGroupController:
  m_ObjectHideFlags: 0
  m_PrefabParentObject: {fileID: 0}
  m_PrefabInternal: {fileID: 0}
  m_Name: SFX
  m_AudioMixer: {fileID: 24100000}
  m_GroupID: 29d3e589f7c3b427aa7d0cd7488e966a
  m_Children: []
  m_Volume: 785aaed796fd5478b9ca6bb35c597f5f
  m_Pitch: 9ccf24b8868e941d1b3c19f00de1b3ec
  m_Effects:
  - {fileID: 244784210174479410}
  m_UserColorIndex: 0
  m_Mute: 0
  m_Solo: 0
  m_BypassEffects: 0
--- !u!244 &244479044087401938
AudioMixerEffectController:
  m_ObjectHideFlags: 3
  m_PrefabParentObject: {fileID: 0}
  m_PrefabInternal: {fileID: 0}
  m_Name: 
  m_EffectID: e459930a94320433fa80d2773411d36b
  m_EffectName: Attenuation
  m_MixLevel: c144f8fcf719345588347bfd3bf2e17e
  m_Parameters: []
  m_SendTarget: {fileID: 0}
  m_EnableWetMix: 0
  m_Bypass: 0
--- !u!244 &244784210174479410
AudioMixerEffectController:
  m_ObjectHideFlags: 3
  m_PrefabParentObject: {fileID: 0}
  m_PrefabInternal: {fileID: 0}
  m_Name: 
  m_EffectID: 569ca661efc3a4b26baa3c4f9690edaf
  m_EffectName: Attenuation
  m_MixLevel: 8717c70b8068941a8ab28b1dd93dbd35
  m_Parameters: []
  m_SendTarget: {fileID: 0}
  m_EnableWetMix: 0
  m_Bypass: 0
--- !u!245 &245136117090330316
AudioMixerSnapshotController:
  m_ObjectHideFlags: 0
  m_PrefabParentObject: {fileID: 0}
  m_PrefabInternal: {fileID: 0}
  m_Name: None
  m_AudioMixer: {fileID: 24100000}
  m_SnapshotID: be63753c8c1be430e9ac9047212e1791
  m_FloatValues:
    1a66a046eff6944c5ae44153cbb58350: -80
    785aaed796fd5478b9ca6bb35c597f5f: -80
    14758c6ccefc440ef8e69cd3708685cb: -80
  m_TransitionOverrides: {}
--- !u!245 &245404300470365634
AudioMixerSnapshotController:
  m_ObjectHideFlags: 0
  m_PrefabParentObject: {fileID: 0}
  m_PrefabInternal: {fileID: 0}
  m_Name: Both
  m_AudioMixer: {fileID: 24100000}
  m_SnapshotID: 6035f599c6e0c47708681c6654d68d2c
  m_FloatValues:
    b4f6e1c5a78f544058adf14fdfe9af5c: 1
    1a66a046eff6944c5ae44153cbb58350: -0.3976258
    785aaed796fd5478b9ca6bb35c597f5f: -0.1668526
  m_TransitionOverrides: {}
--- !u!245 &245525766653760610
AudioMixerSnapshotController:
  m_ObjectHideFlags: 0
  m_PrefabParentObject: {fileID: 0}
  m_PrefabInternal: {fileID: 0}
  m_Name: Music
  m_AudioMixer: {fileID: 24100000}
  m_SnapshotID: 3ce1319ee0e934363b65481921ec7f61
  m_FloatValues:
    785aaed796fd5478b9ca6bb35c597f5f: -80
  m_TransitionOverrides: {}
